<record><leader>00000cas a2200000 a 4500</leader><controlfield tag="001">34010867</controlfield><controlfield tag="008">960110d190919uumiuwr ne      0    0eng c</controlfield><datafield ind1=" " ind2=" " tag="010"><subfield code="a">sn 95077632 </subfield></datafield><datafield ind1=" " ind2=" " tag="040"><subfield code="a">MHN</subfield><subfield code="b">eng</subfield><subfield code="c">MHN</subfield><subfield code="d">OCL</subfield><subfield code="d">OCLCQ</subfield><subfield code="d">OCLCF</subfield><subfield code="d">DLC</subfield></datafield><datafield ind1=" " ind2=" " tag="042"><subfield code="a">pcc</subfield></datafield><datafield ind1=" " ind2=" " tag="043"><subfield code="a">n-us-mi</subfield></datafield><datafield ind1="0" ind2="0" tag="245"><subfield code="a">Alpena argus-pioneer.</subfield></datafield><datafield ind1="1" ind2="3" tag="246"><subfield code="a">Alpena argus</subfield></datafield><datafield ind1=" " ind2=" " tag="260"><subfield code="a">Alpena, Mich. :</subfield><subfield code="b">Collins &amp; Ferguson</subfield></datafield><datafield ind1=" " ind2=" " tag="300"><subfield code="a">v.</subfield></datafield><datafield ind1=" " ind2=" " tag="310"><subfield code="a">Weekly</subfield></datafield><datafield ind1="0" ind2=" " tag="362"><subfield code="a">Vol. 39, no. 14 (Oct. 6, 1909-) = whole no. 1992-</subfield></datafield><datafield ind1=" " ind2=" " tag="515"><subfield code="a">Vol. 43 spans Jan. 6, 1915 through Dec. 26, 1917.</subfield></datafield><datafield ind1=" " ind2=" " tag="580"><subfield code="a">Formed by the union of: Alpena pioneer, and: Alpena argus.</subfield></datafield><datafield ind1=" " ind2="0" tag="651"><subfield code="a">Alpena (Mich.)</subfield><subfield code="v">Newspapers.</subfield></datafield><datafield ind1=" " ind2="0" tag="651"><subfield code="a">Alpena County (Mich.)</subfield><subfield code="v">Newspapers.</subfield></datafield><datafield ind1=" " ind2="7" tag="651"><subfield code="a">Michigan</subfield><subfield code="z">Alpena.</subfield><subfield code="2">fast</subfield><subfield code="0">(OCoLC)fst01217114</subfield></datafield><datafield ind1=" " ind2="7" tag="651"><subfield code="a">Michigan</subfield><subfield code="z">Alpena County.</subfield><subfield code="2">fast</subfield><subfield code="0">(OCoLC)fst01224418</subfield></datafield><datafield ind1=" " ind2="7" tag="655"><subfield code="a">Newspapers.</subfield><subfield code="2">fast</subfield><subfield code="0">(OCoLC)fst01423814</subfield></datafield><datafield ind1=" " ind2=" " tag="752"><subfield code="a">United States</subfield><subfield code="b">Michigan</subfield><subfield code="c">Alpena</subfield><subfield code="d">Alpena.</subfield></datafield><datafield ind1="1" ind2="4" tag="780"><subfield code="t">Alpena pioneer</subfield><subfield code="w">(DLC)sn 95077633</subfield><subfield code="w">(OCoLC)34010978</subfield></datafield><datafield ind1="1" ind2="4" tag="780"><subfield code="t">Alpena argus</subfield><subfield code="x">2375-3420</subfield><subfield code="w">(DLC)sn 95077631</subfield><subfield code="w">(OCoLC)34010901</subfield></datafield><datafield ind1="1" ind2=" " tag="029"><subfield code="a">AU@</subfield><subfield code="b">000012146925</subfield></datafield></record>